<record><leader>00000cas a2200000 a 4500</leader><controlfield tag="001">33283552</controlfield><controlfield tag="008">951012d187518uufluwr ne      0    0eng c</controlfield><datafield ind1=" " ind2=" " tag="010"><subfield code="a">sn 95047170 </subfield></datafield><datafield ind1=" " ind2=" " tag="040"><subfield code="a">FUG</subfield><subfield code="b">eng</subfield><subfield code="c">FUG</subfield><subfield code="d">OCLCQ</subfield><subfield code="d">OCLCF</subfield><subfield code="d">OCLCO</subfield></datafield><datafield ind1=" " ind2=" " tag="012"><subfield code="i">9510</subfield></datafield><datafield ind1="1" ind2=" " tag="029"><subfield code="a">AU@</subfield><subfield code="b">000025885370</subfield></datafield><datafield ind1=" " ind2=" " tag="042"><subfield code="a">pcc</subfield></datafield><datafield ind1=" " ind2=" " tag="043"><subfield code="a">n-us-fl</subfield></datafield><datafield ind1="0" ind2=" " tag="130"><subfield code="a">Weekly reporter (Lake City, Fla.)</subfield></datafield><datafield ind1="1" ind2="0" tag="245"><subfield code="a">Weekly reporter.</subfield></datafield><datafield ind1=" " ind2=" " tag="260"><subfield code="a">Lake City, Fla. :</subfield><subfield code="b">Robinson &amp; Harris</subfield></datafield><datafield ind1=" " ind2=" " tag="300"><subfield code="a">v.</subfield></datafield><datafield ind1=" " ind2=" " tag="310"><subfield code="a">Weekly</subfield></datafield><datafield ind1="1" ind2=" " tag="362"><subfield code="a">Began in 1875.</subfield></datafield><datafield ind1=" " ind2=" " tag="500"><subfield code="a">Publisher: Tom W. Harris, Sept. 18-&lt;Dec. 8, 1875&gt;.</subfield></datafield><datafield ind1=" " ind2=" " tag="588"><subfield code="a">Description based on: Vol. 1, no. 8 (Aug. 14, 1875).</subfield></datafield><datafield ind1=" " ind2=" " tag="588"><subfield code="a">Latest issue consulted: Vol. 1, no. 24 (Dec. 8, 1875).</subfield></datafield><datafield ind1=" " ind2="0" tag="651"><subfield code="a">Lake City (Fla.)</subfield><subfield code="v">Newspapers.</subfield></datafield><datafield ind1=" " ind2="0" tag="651"><subfield code="a">Columbia County (Fla.)</subfield><subfield code="v">Newspapers.</subfield></datafield><datafield ind1=" " ind2="7" tag="655"><subfield code="a">Newspapers.</subfield><subfield code="2">fast</subfield><subfield code="0">(OCoLC)fst01423814</subfield></datafield><datafield ind1=" " ind2="7" tag="651"><subfield code="a">Florida</subfield><subfield code="z">Columbia County.</subfield><subfield code="2">fast</subfield><subfield code="0">(OCoLC)fst01215216</subfield></datafield><datafield ind1=" " ind2="7" tag="651"><subfield code="a">Florida</subfield><subfield code="z">Lake City.</subfield><subfield code="2">fast</subfield><subfield code="0">(OCoLC)fst01212280</subfield></datafield><datafield ind1=" " ind2=" " tag="752"><subfield code="a">United States</subfield><subfield code="b">Florida</subfield><subfield code="c">Columbia</subfield><subfield code="d">Lake City.</subfield></datafield><datafield ind1="0" ind2="0" tag="785"><subfield code="t">Lake City reporter (Lake City, Fla. : 1885)</subfield><subfield code="w">(DLC)sn 95047171</subfield><subfield code="w">(OCoLC)33283554</subfield></datafield><datafield ind1=" " ind2=" " tag="850"><subfield code="a">FU</subfield></datafield></record>